
@article{1,
  title={Identity-Based Provable Data Possession From RSA Assumption for Secure Cloud Storage},
  author={Jianbing Ni, Kuan Zhang, Yong Yu, Tingting Yang},
  journal={Microprocessors and Microsystems},
  volume={95},
  pages={104717},
  year={2022},
  publisher={Elsevier}
}

@article{2,
  title={A Systematic Method to Evaluate and Compare the Performance of Physical Unclonable Functions},
  author={Abhranil Maiti and Vikash Gunreddy and Patrick Schaumont},
  journal={IACR Cryptol. ePrint Arch.},
  year={2011},
  volume={2011},
  pages={657}
} 


@article{4,
  title={Deep learning based model building attacks on arbiter PUF compositions},
  author={Santikellur, Pranesh and Bhattacharyay, Aritra and Chakraborty, Rajat Subhra},
  journal={Cryptology ePrint Archive},
  year={2019}
}

@inproceedings{5,
  title={Countering PUF modeling attacks through adversarial machine learning},
  author={Ebrahimabadi, Mohammad and Lalouani, Wassila and Younis, Mohamed and Karimi, Naghmeh},
  booktitle={2021 IEEE Computer Society Annual Symposium on VLSI (ISVLSI)},
  pages={356--361},
  year={2021},
  organization={IEEE}
}

@article{6,
  title={Modeling attack resistant PUFs based on adversarial attack against machine learning},
  author={Wang, Sying-Jyan and Chen, Yu-Sheng and Li, Katherine Shu-Min},
  journal={IEEE Journal on Emerging and Selected Topics in Circuits and Systems},
  volume={11},
  number={2},
  pages={306--318},
  year={2021},
  publisher={IEEE}
}

